
@article{FT87,
  author = "Michael L. Fredman and, Robert Endre Tarjan",
  title = "Fibonacci heaps and their uses in improved network optimization algorithms",
  year = 1987,
  journal = "Journal of the ACM (JACM)",
  volume = 34,
  number = 3,
  pages = "596--615"
}

@article{Forsythe:1964,
  author = "J. W. J. Williams",
  title = "Algorithm 232, Heapsort",
  year = 1964,
  journal = "Communications of the ACM",
  volume = 7,
  number = 6,
  pages = "347--348"
}

@book{ITA09,
  author = "Thomas H. Cormen and Charles E. Leiserson and Roland L. Rivest and Clifford Stein",
  title = "Introduction to algorithms",
  publisher = "The MIT Press",
  edition = "third",
  year = 2009
}