
@article{FT87,
  author = "Michael L. Fredman, Robert Endre Tarjan",
  title = "Fibonacci heaps and their uses in improved network optimization algorithms",
  year = "1987",
  journal = "Journal of the ACM (JACM)",
  volume = "34",
  number = "3",
  pages = "596--615"
}

@book{ITA,
  author = "Thomas H. Cormen, Charles E. Leiserson, Roland L. Rivest, Clifford Stein",
  title = "Introduction to algorithms",
  publisher = "The MIT Press",
  edition = "third",
  year = "2009"
}