
@article{FT87,
  author = "Michael L. Fredman and, Robert Endre Tarjan",
  title = "Fibonacci heaps and their uses in improved network optimization algorithms",
  year = 1987,
  journal = "Journal of the ACM (JACM)",
  volume = 34,
  number = 3,
  pages = "596--615"
}

@book{ITA09,
  author = "Thomas H. Cormen and Charles E. Leiserson and Roland L. Rivest and Clifford Stein",
  title = "Introduction to algorithms",
  publisher = "The MIT Press",
  edition = "third",
  year = 2009
}

@article{VEB04,
  author = "Gudmund S. Frandsen",
  title = "Dynamic algorithms, van Emde Boas trees",
  year = 2004
}

@Book{OKA96,
  author = "Chris Okasaki",
  title = "Purely Functional Data Structures",
  publisher = "Cambridge University Press",
  edition = "first",
  year = 1998
}

@article{HOM80,
  author = "Robert T. Hood and Robert C. Melville",
  title = "Real Time Queue Operations in Pure LISP",
  year = 1980,
  publisher = "Cornell University"
}

@INPROCEEDINGS{CLA02,
    author = {Koen Claessen and John Hughes},
    title = {Testing Monadic Code with QuickCheck},
    booktitle = {In Proc. ACM SIGPLAN workshop on Haskell},
    year = {2002},
    pages = {65--77}
}

@article{CLA00,
 author = {Claessen, Koen and Hughes, John},
 title = {QuickCheck: A Lightweight Tool for Random Testing of Haskell Programs},
 journal = {SIGPLAN Not.},
 issue_date = {Sept. 2000},
 volume = {35},
 number = {9},
 month = sep,
 year = {2000},
 issn = {0362-1340},
 pages = {268--279},
 numpages = {12},
 url = {http://doi.acm.org/10.1145/357766.351266},
 doi = {10.1145/357766.351266},
 acmid = {351266},
 publisher = {ACM},
 address = {New York, NY, USA},
} 