
@article{FT87,
  author = "Michael L. Fredman and, Robert Endre Tarjan",
  title = "Fibonacci heaps and their uses in improved network optimization algorithms",
  year = 1987,
  journal = "Journal of the ACM (JACM)",
  volume = 34,
  number = 3,
  pages = "596--615"
}

@book{ITA09,
  author = "Thomas H. Cormen and Charles E. Leiserson and Roland L. Rivest and Clifford Stein",
  title = "Introduction to algorithms",
  publisher = "The MIT Press",
  edition = "third",
  year = 2009
}

@article{VEB04,
  author = "Gudmund S. Frandsen",
  title = "Dynamic algorithms, van Emde Boas trees",
  year = 2004,
}
